@article{salahdine2019social,
  title={Social engineering attacks: A survey},
  author={Salahdine, Fatima and Kaabouch, Naima},
  journal={Future Internet},
  volume={11},
  number={4},
  pages={89},
  year={2019},
  publisher={MDPI}
}

@online{WinNT,
  author = {MultiMedia LLC},
  title = {{MS Windows NT} Kernel Description},
  year = 1999,
  url = {http://web.archive.org/web/20080207010024/http://www.808multimedia.com/winnt/kernel.htm},
  urldate = {2010-09-30}
}